@article{Cormode:2008:FFI:1454159.1454225,
	author = {Cormode, Graham and Hadjieleftheriou, Marios},
	title = {Finding Frequent Items in Data Streams},
	journal = {Proc. VLDB Endow.},
	issue_date = {August 2008},
	volume = {1},
	number = {2},
	month = aug,
	year = {2008},
	issn = {2150-8097},
	pages = {1530--1541},
	numpages = {12},
	url = {http://dx.doi.org/10.14778/1454159.1454225},
	doi = {10.14778/1454159.1454225},
	acmid = {1454225},
	publisher = {VLDB Endowment},
} 

@article{Muthukrishnan:2005:DSA:1166409.1166410,
	author = {Muthukrishnan, S.},
	title = {Data Streams: Algorithms and Applications},
	journal = {Found. Trends Theor. Comput. Sci.},
	issue_date = {August 2005},
	volume = {1},
	number = {2},
	month = aug,
	year = {2005},
	issn = {1551-305X},
	pages = {117--236},
	numpages = {120},
	url = {http://dx.doi.org/10.1561/0400000002},
	doi = {10.1561/0400000002},
	acmid = {1166410},
	publisher = {Now Publishers Inc.},
	address = {Hanover, MA, USA},
} 

@article{Terry:1992:CQO:141484.130333,
	author = {Terry, Douglas and Goldberg, David and Nichols, David and Oki, Brian},
	title = {Continuous Queries over Append-only Databases},
	journal = {SIGMOD Rec.},
	issue_date = {June 1, 1992},
	volume = {21},
	number = {2},
	month = jun,
	year = {1992},
	issn = {0163-5808},
	pages = {321--330},
	numpages = {10},
	url = {http://doi.acm.org/10.1145/141484.130333},
	doi = {10.1145/141484.130333},
	acmid = {130333},
	publisher = {ACM},
	address = {New York, NY, USA},
} 

@article{Tong:2016:HTS:2927964.2927977,
	author = {Tong, Da and Prasanna, Viktor},
	title = {High Throughput Sketch Based Online Heavy Hitter Detection on FPGA},
	journal = {SIGARCH Comput. Archit. News},
	issue_date = {September 2015},
	volume = {43},
	number = {4},
	month = apr,
	year = {2016},
	issn = {0163-5964},
	pages = {70--75},
	numpages = {6},
	url = {http://doi.acm.org/10.1145/2927964.2927977},
	doi = {10.1145/2927964.2927977},
	acmid = {2927977},
	publisher = {ACM},
	address = {New York, NY, USA},
	keywords = {Heavy hitter detection, Sketch data structure, Streaming algorithm},
} 

@article{Cormode:2010:MFF:1731351.1731356,
	author = {Cormode, Graham and Hadjieleftheriou, Marios},
	title = {Methods for Finding Frequent Items in Data Streams},
	journal = {The VLDB Journal},
	issue_date = {February  2010},
	volume = {19},
	number = {1},
	month = feb,
	year = {2010},
	issn = {1066-8888},
	pages = {3--20},
	numpages = {18},
	url = {http://dx.doi.org/10.1007/s00778-009-0172-z},
	doi = {10.1007/s00778-009-0172-z},
	acmid = {1731356},
	publisher = {Springer-Verlag New York, Inc.},
	address = {Secaucus, NJ, USA},
} 
@article{GUIBAS1981208,
	title = "Problems",
	journal = "Journal of Algorithms",
	volume = "2",
	number = "2",
	pages = "208 - 210",
	year = "1981",
	note = "",
	issn = "0196-6774",
	doi = "http://dx.doi.org/10.1016/0196-6774(81)90022-5",
	url = "http://www.sciencedirect.com/science/article/pii/0196677481900225",
	author = "Leo J Guibas",
	
}

@article{Karp:2003:SAF:762471.762473,
	author = {Karp, Richard M. and Shenker, Scott and Papadimitriou, Christos H.},
	title = {A Simple Algorithm for Finding Frequent Elements in Streams and Bags},
	journal = {ACM Trans. Database Syst.},
	issue_date = {March 2003},
	volume = {28},
	number = {1},
	month = mar,
	year = {2003},
	issn = {0362-5915},
	pages = {51--55},
	numpages = {5},
	url = {http://doi.acm.org/10.1145/762471.762473},
	doi = {10.1145/762471.762473},
	acmid = {762473},
	publisher = {ACM},
	address = {New York, NY, USA},
	keywords = {Data stream, frequent elements},
} 

@INPROCEEDINGS{Kranakis03boundsfor,
	author = {E. Kranakis and P. Morin and Y. Tang},
	title = {Bounds for Frequency Estimation of Packet Streams},
	booktitle = {In SIROCCO},
	year = {2003},
	pages = {33--42}
}

@article{hutchins2011intelligence,
	added-at = {2014-09-18T22:26:31.000+0200},
	author = {Hutchins, Eric M and Cloppert, Michael J and Amin, Rohan M},
	biburl = {https://www.bibsonomy.org/bibtex/273bbc6faa2617b0d2f72bb3dff126d6d/cerebus2},
	interhash = {ce281b592eb8dc68cb35e45ff801bd3c},
	intrahash = {73bbc6faa2617b0d2f72bb3dff126d6d},
	journal = {Leading Issues in Information Warfare \& Security Research},
	keywords = {cyber},
	pages = 80,
	timestamp = {2014-09-18T22:26:31.000+0200},
	title = {Intelligence-driven computer network defense informed by analysis of adversary campaigns and intrusion kill chains},
	volume = 1,
	year = 2011
}



@inproceedings{Metwally:2005:ECF:2131560.2131596,
	author = {Metwally, Ahmed and Agrawal, Divyakant and El Abbadi, Amr},
	title = {Efficient Computation of Frequent and Top-k Elements in Data Streams},
	booktitle = {Proceedings of the 10th International Conference on Database Theory},
	series = {ICDT'05},
	year = {2005},
	isbn = {3-540-24288-0, 978-3-540-24288-8},
	location = {Edinburgh, UK},
	pages = {398--412},
	numpages = {15},
	url = {http://dx.doi.org/10.1007/978-3-540-30570-5_27},
	doi = {10.1007/978-3-540-30570-5_27},
	acmid = {2131596},
	publisher = {Springer-Verlag},
	address = {Berlin, Heidelberg},
} 

@article{Cormode:2005:IDS:1073713.1073718,
	author = {Cormode, Graham and Muthukrishnan, S.},
	title = {An Improved Data Stream Summary: The Count-min Sketch and Its Applications},
	journal = {J. Algorithms},
	issue_date = {April 2005},
	volume = {55},
	number = {1},
	month = apr,
	year = {2005},
	issn = {0196-6774},
	pages = {58--75},
	numpages = {18},
	url = {http://dx.doi.org/10.1016/j.jalgor.2003.12.001},
	doi = {10.1016/j.jalgor.2003.12.001},
	acmid = {1073718},
	publisher = {Academic Press, Inc.},
	address = {Duluth, MN, USA},
} 
@article{Putze:2010:CHS:1498698.1594230,
	author = {Putze, Felix and Sanders, Peter and Singler, Johannes},
	title = {Cache-, Hash-, and Space-efficient Bloom Filters},
	journal = {J. Exp. Algorithmics},
	issue_date = {2009},
	volume = {14},
	month = jan,
	year = {2010},
	issn = {1084-6654},
	pages = {4:4.4--4:4.18},
	articleno = {4},
	numpages = {.78},
	url = {http://doi.acm.org/10.1145/1498698.1594230},
	doi = {10.1145/1498698.1594230},
	acmid = {1594230},
	publisher = {ACM},
	address = {New York, NY, USA},
	keywords = {Approximate dictionary, data compression},
} 

@article{Bloom:1970:STH:362686.362692,
	author = {Bloom, Burton H.},
	title = {Space/Time Trade-offs in Hash Coding with Allowable Errors},
	journal = {Commun. ACM},
	issue_date = {July 1970},
	volume = {13},
	number = {7},
	month = jul,
	year = {1970},
	issn = {0001-0782},
	pages = {422--426},
	numpages = {5},
	url = {http://doi.acm.org/10.1145/362686.362692},
	doi = {10.1145/362686.362692},
	acmid = {362692},
	publisher = {ACM},
	address = {New York, NY, USA},
	keywords = {hash addressing, hash coding, retrieval efficiency, retrieval trade-offs, scatter storage, searching, storage efficiency, storage layout},
} 