@article{Cormode:2008:FFI:1454159.1454225,
	author = {Cormode, Graham and Hadjieleftheriou, Marios},
	title = {Finding Frequent Items in Data Streams},
	journal = {Proc. VLDB Endow.},
	issue_date = {August 2008},
	volume = {1},
	number = {2},
	month = aug,
	year = {2008},
	issn = {2150-8097},
	pages = {1530--1541},
	numpages = {12},
	url = {http://dx.doi.org/10.14778/1454159.1454225},
	doi = {10.14778/1454159.1454225},
	acmid = {1454225},
	publisher = {VLDB Endowment},
} 
@article{Vitter:1999:ACM:304181.304199,
	author = {Vitter, Jeffrey Scott and Wang, Min},
	title = {Approximate Computation of Multidimensional Aggregates of Sparse Data Using Wavelets},
	journal = {SIGMOD Rec.},
	issue_date = {June 1999},
	volume = {28},
	number = {2},
	month = jun,
	year = {1999},
	issn = {0163-5808},
	pages = {193--204},
	numpages = {12},
	url = {http://doi.acm.org/10.1145/304181.304199},
	doi = {10.1145/304181.304199},
	acmid = {304199},
	publisher = {ACM},
	address = {New York, NY, USA},
} 
@article{Muthukrishnan:2005:DSA:1166409.1166410,
	author = {Muthukrishnan, S.},
	title = {Data Streams: Algorithms and Applications},
	journal = {Found. Trends Theor. Comput. Sci.},
	issue_date = {August 2005},
	volume = {1},
	number = {2},
	month = aug,
	year = {2005},
	issn = {1551-305X},
	pages = {117--236},
	numpages = {120},
	url = {http://dx.doi.org/10.1561/0400000002},
	doi = {10.1561/0400000002},
	acmid = {1166410},
	publisher = {Now Publishers Inc.},
	address = {Hanover, MA, USA},
} 

@article{Terry:1992:CQO:141484.130333,
	author = {Terry, Douglas and Goldberg, David and Nichols, David and Oki, Brian},
	title = {Continuous Queries over Append-only Databases},
	journal = {SIGMOD Rec.},
	issue_date = {June 1, 1992},
	volume = {21},
	number = {2},
	month = jun,
	year = {1992},
	issn = {0163-5808},
	pages = {321--330},
	numpages = {10},
	url = {http://doi.acm.org/10.1145/141484.130333},
	doi = {10.1145/141484.130333},
	acmid = {130333},
	publisher = {ACM},
	address = {New York, NY, USA},
} 

@article{Tong:2016:HTS:2927964.2927977,
	author = {Tong, Da and Prasanna, Viktor},
	title = {High Throughput Sketch Based Online Heavy Hitter Detection on FPGA},
	journal = {SIGARCH Comput. Archit. News},
	issue_date = {September 2015},
	volume = {43},
	number = {4},
	month = apr,
	year = {2016},
	issn = {0163-5964},
	pages = {70--75},
	numpages = {6},
	url = {http://doi.acm.org/10.1145/2927964.2927977},
	doi = {10.1145/2927964.2927977},
	acmid = {2927977},
	publisher = {ACM},
	address = {New York, NY, USA},
	keywords = {Heavy hitter detection, Sketch data structure, Streaming algorithm},
} 

@article{Cormode:2010:MFF:1731351.1731356,
	author = {Cormode, Graham and Hadjieleftheriou, Marios},
	title = {Methods for Finding Frequent Items in Data Streams},
	journal = {The VLDB Journal},
	issue_date = {February  2010},
	volume = {19},
	number = {1},
	month = feb,
	year = {2010},
	issn = {1066-8888},
	pages = {3--20},
	numpages = {18},
	url = {http://dx.doi.org/10.1007/s00778-009-0172-z},
	doi = {10.1007/s00778-009-0172-z},
	acmid = {1731356},
	publisher = {Springer-Verlag New York, Inc.},
	address = {Secaucus, NJ, USA},
} 
@article{GUIBAS1981208,
	title = "Problems",
	journal = "Journal of Algorithms",
	volume = "2",
	number = "2",
	pages = "208 - 210",
	year = "1981",
	note = "",
	issn = "0196-6774",
	doi = "http://dx.doi.org/10.1016/0196-6774(81)90022-5",
	url = "http://www.sciencedirect.com/science/article/pii/0196677481900225",
	author = "Leo J Guibas",
	
}

@article{Karp:2003:SAF:762471.762473,
	author = {Karp, Richard M. and Shenker, Scott and Papadimitriou, Christos H.},
	title = {A Simple Algorithm for Finding Frequent Elements in Streams and Bags},
	journal = {ACM Trans. Database Syst.},
	issue_date = {March 2003},
	volume = {28},
	number = {1},
	month = mar,
	year = {2003},
	issn = {0362-5915},
	pages = {51--55},
	numpages = {5},
	url = {http://doi.acm.org/10.1145/762471.762473},
	doi = {10.1145/762471.762473},
	acmid = {762473},
	publisher = {ACM},
	address = {New York, NY, USA},
	keywords = {Data stream, frequent elements},
} 

@INPROCEEDINGS{Kranakis03boundsfor,
	author = {E. Kranakis and P. Morin and Y. Tang},
	title = {Bounds for Frequency Estimation of Packet Streams},
	booktitle = {In SIROCCO},
	year = {2003},
	pages = {33--42}
}

@article{hutchins2011intelligence,
	added-at = {2014-09-18T22:26:31.000+0200},
	author = {Hutchins, Eric M and Cloppert, Michael J and Amin, Rohan M},
	biburl = {https://www.bibsonomy.org/bibtex/273bbc6faa2617b0d2f72bb3dff126d6d/cerebus2},
	interhash = {ce281b592eb8dc68cb35e45ff801bd3c},
	intrahash = {73bbc6faa2617b0d2f72bb3dff126d6d},
	journal = {Leading Issues in Information Warfare \& Security Research},
	keywords = {cyber},
	pages = 80,
	timestamp = {2014-09-18T22:26:31.000+0200},
	title = {Intelligence-driven computer network defense informed by analysis of adversary campaigns and intrusion kill chains},
	volume = 1,
	year = 2011
}



@inproceedings{Metwally:2005:ECF:2131560.2131596,
	author = {Metwally, Ahmed and Agrawal, Divyakant and El Abbadi, Amr},
	title = {Efficient Computation of Frequent and Top-k Elements in Data Streams},
	booktitle = {Proceedings of the 10th International Conference on Database Theory},
	series = {ICDT'05},
	year = {2005},
	isbn = {3-540-24288-0, 978-3-540-24288-8},
	location = {Edinburgh, UK},
	pages = {398--412},
	numpages = {15},
	url = {http://dx.doi.org/10.1007/978-3-540-30570-5_27},
	doi = {10.1007/978-3-540-30570-5_27},
	acmid = {2131596},
	publisher = {Springer-Verlag},
	address = {Berlin, Heidelberg},
} 

@article{Cormode:2005:IDS:1073713.1073718,
	author = {Cormode, Graham and Muthukrishnan, S.},
	title = {An Improved Data Stream Summary: The Count-min Sketch and Its Applications},
	journal = {J. Algorithms},
	issue_date = {April 2005},
	volume = {55},
	number = {1},
	month = apr,
	year = {2005},
	issn = {0196-6774},
	pages = {58--75},
	numpages = {18},
	url = {http://dx.doi.org/10.1016/j.jalgor.2003.12.001},
	doi = {10.1016/j.jalgor.2003.12.001},
	acmid = {1073718},
	publisher = {Academic Press, Inc.},
	address = {Duluth, MN, USA},
} 
@article{Putze:2010:CHS:1498698.1594230,
	author = {Putze, Felix and Sanders, Peter and Singler, Johannes},
	title = {Cache-, Hash-, and Space-efficient Bloom Filters},
	journal = {J. Exp. Algorithmics},
	issue_date = {2009},
	volume = {14},
	month = jan,
	year = {2010},
	issn = {1084-6654},
	pages = {4:4.4--4:4.18},
	articleno = {4},
	numpages = {.78},
	url = {http://doi.acm.org/10.1145/1498698.1594230},
	doi = {10.1145/1498698.1594230},
	acmid = {1594230},
	publisher = {ACM},
	address = {New York, NY, USA},
	keywords = {Approximate dictionary, data compression},
} 

@article{Bloom:1970:STH:362686.362692,
	author = {Bloom, Burton H.},
	title = {Space/Time Trade-offs in Hash Coding with Allowable Errors},
	journal = {Commun. ACM},
	issue_date = {July 1970},
	volume = {13},
	number = {7},
	month = jul,
	year = {1970},
	issn = {0001-0782},
	pages = {422--426},
	numpages = {5},
	url = {http://doi.acm.org/10.1145/362686.362692},
	doi = {10.1145/362686.362692},
	acmid = {362692},
	publisher = {ACM},
	address = {New York, NY, USA},
	keywords = {hash addressing, hash coding, retrieval efficiency, retrieval trade-offs, scatter storage, searching, storage efficiency, storage layout},
} 

@inproceedings{Dean:2004:MSD:1251254.1251264,
	author = {Dean, Jeffrey and Ghemawat, Sanjay},
	title = {MapReduce: Simplified Data Processing on Large Clusters},
	booktitle = {Proceedings of the 6th Conference on Symposium on Opearting Systems Design \& Implementation - Volume 6},
	series = {OSDI'04},
	year = {2004},
	location = {San Francisco, CA},
	pages = {10--10},
	numpages = {1},
	url = {http://dl.acm.org/citation.cfm?id=1251254.1251264},
	acmid = {1251264},
	publisher = {USENIX Association},
	address = {Berkeley, CA, USA},
} 
@inproceedings{Ioannidis:1999:HAS:645925.671527,
	author = {Ioannidis, Yannis E. and Poosala, Viswanath},
	title = {Histogram-Based Approximation of Set-Valued Query-Answers},
	booktitle = {Proceedings of the 25th International Conference on Very Large Data Bases},
	series = {VLDB '99},
	year = {1999},
	isbn = {1-55860-615-7},
	pages = {174--185},
	numpages = {12},
	url = {http://dl.acm.org/citation.cfm?id=645925.671527},
	acmid = {671527},
	publisher = {Morgan Kaufmann Publishers Inc.},
	address = {San Francisco, CA, USA},
} 
@book{Aggarwal:2006:DSM:1196418,
	author = {Aggarwal, Charu C.},
	title = {Data Streams: Models and Algorithms (Advances in Database Systems)},
	year = {2006},
	isbn = {0387287590},
	publisher = {Springer-Verlag New York, Inc.},
	address = {Secaucus, NJ, USA},
} 

@article{Vitter:2001:EMA:384192.384193,
	author = {Vitter, Jeffrey Scott},
	title = {External Memory Algorithms and Data Structures: Dealing with Massive Data},
	journal = {ACM Comput. Surv.},
	issue_date = {June 2001},
	volume = {33},
	number = {2},
	month = jun,
	year = {2001},
	issn = {0360-0300},
	pages = {209--271},
	numpages = {63},
	url = {http://doi.acm.org/10.1145/384192.384193},
	doi = {10.1145/384192.384193},
	acmid = {384193},
	publisher = {ACM},
	address = {New York, NY, USA},
	keywords = {B-tree, I/O, batched, block, disk, dynamic, extendible hashing, external memory, hierarchical memory, multidimensional access methods, multilevel memory, online, out-of-core, secondary storage, sorting},
} 
@inproceedings{Alon:1996:SCA:237814.237823,
	author = {Alon, Noga and Matias, Yossi and Szegedy, Mario},
	title = {The Space Complexity of Approximating the Frequency Moments},
	booktitle = {Proceedings of the Twenty-eighth Annual ACM Symposium on Theory of Computing},
	series = {STOC '96},
	year = {1996},
	isbn = {0-89791-785-5},
	location = {Philadelphia, Pennsylvania, USA},
	pages = {20--29},
	numpages = {10},
	url = {http://doi.acm.org/10.1145/237814.237823},
	doi = {10.1145/237814.237823},
	acmid = {237823},
	publisher = {ACM},
	address = {New York, NY, USA},
} 

@book{Motwani:1995:RA:211390,
	author = {Motwani, Rajeev and Raghavan, Prabhakar},
	title = {Randomized Algorithms},
	year = {1995},
	isbn = {0-521-47465-5, 9780521474658},
	publisher = {Cambridge University Press},
	address = {New York, NY, USA},
} 
@article{WEGMAN1981265,
	title = "New hash functions and their use in authentication and set equality",
	journal = "Journal of Computer and System Sciences",
	volume = "22",
	number = "3",
	pages = "265 - 279",
	year = "1981",
	issn = "0022-0000",
	doi = "https://doi.org/10.1016/0022-0000(81)90033-7",
	url = "http://www.sciencedirect.com/science/article/pii/0022000081900337",
	author = "Mark N. Wegman and J.Lawrence Carter"
}
@article{Flajolet:1985:PCA:5212.5215,
	author = {Flajolet, Philippe and Martin, G. Nigel},
	title = {Probabilistic Counting Algorithms for Data Base Applications},
	journal = {J. Comput. Syst. Sci.},
	issue_date = {Sept. 1985},
	volume = {31},
	number = {2},
	month = sep,
	year = {1985},
	issn = {0022-0000},
	pages = {182--209},
	numpages = {28},
	url = {http://dx.doi.org/10.1016/0022-0000(85)90041-8},
	doi = {10.1016/0022-0000(85)90041-8},
	acmid = {5215},
	publisher = {Academic Press, Inc.},
	address = {Orlando, FL, USA},
} 
@article{Acharya:2000:CSA:335191.335450,
	author = {Acharya, Swarup and Gibbons, Phillip B. and Poosala, Viswanath},
	title = {Congressional Samples for Approximate Answering of Group-by Queries},
	journal = {SIGMOD Rec.},
	issue_date = {June 2000},
	volume = {29},
	number = {2},
	month = may,
	year = {2000},
	issn = {0163-5808},
	pages = {487--498},
	numpages = {12},
	url = {http://doi.acm.org/10.1145/335191.335450},
	doi = {10.1145/335191.335450},
	acmid = {335450},
	publisher = {ACM},
	address = {New York, NY, USA},
} 

@article{GUIBAS1981208,
	title = "Problems",
	journal = "Journal of Algorithms",
	volume = "2",
	number = "2",
	pages = "208 - 210",
	year = "1981",
	issn = "0196-6774",
	doi = "https://doi.org/10.1016/0196-6774(81)90022-5",
	url = "http://www.sciencedirect.com/science/article/pii/0196677481900225",
	author = "Leo J Guibas"
}
@inproceedings{Charikar:2002:FFI:646255.684566,
	author = {Charikar, Moses and Chen, Kevin and Farach-Colton, Martin},
	title = {Finding Frequent Items in Data Streams},
	booktitle = {Proceedings of the 29th International Colloquium on Automata, Languages and Programming},
	series = {ICALP '02},
	year = {2002},
	isbn = {3-540-43864-5},
	pages = {693--703},
	numpages = {11},
	url = {http://dl.acm.org/citation.cfm?id=646255.684566},
	acmid = {684566},
	publisher = {Springer-Verlag},
	address = {London, UK, UK},
} 

@article{Cormode:2005:WHW:1061318.1061325,
	author = {Cormode, Graham and Muthukrishnan, S.},
	title = {What's Hot and What's Not: Tracking Most Frequent Items Dynamically},
	journal = {ACM Trans. Database Syst.},
	issue_date = {March 2005},
	volume = {30},
	number = {1},
	month = mar,
	year = {2005},
	issn = {0362-5915},
	pages = {249--278},
	numpages = {30},
	url = {http://doi.acm.org/10.1145/1061318.1061325},
	doi = {10.1145/1061318.1061325},
	acmid = {1061325},
	publisher = {ACM},
	address = {New York, NY, USA},
	keywords = {Data stream processing, approximate query answering.},
} 

@inproceedings{Demaine:2002:FEI:647912.740658,
	author = {Demaine, Erik D. and L\'{o}pez-Ortiz, Alejandro and Munro, J. Ian},
	title = {Frequency Estimation of Internet Packet Streams with Limited Space},
	booktitle = {Proceedings of the 10th Annual European Symposium on Algorithms},
	series = {ESA '02},
	year = {2002},
	isbn = {3-540-44180-8},
	pages = {348--360},
	numpages = {13},
	url = {http://dl.acm.org/citation.cfm?id=647912.740658},
	acmid = {740658},
	publisher = {Springer-Verlag},
	address = {London, UK, UK},
} 

@inproceedings{Manku:2002:AFC:1287369.1287400,
	author = {Manku, Gurmeet Singh and Motwani, Rajeev},
	title = {Approximate Frequency Counts over Data Streams},
	booktitle = {Proceedings of the 28th International Conference on Very Large Data Bases},
	series = {VLDB '02},
	year = {2002},
	location = {Hong Kong, China},
	pages = {346--357},
	numpages = {12},
	url = {http://dl.acm.org/citation.cfm?id=1287369.1287400},
	acmid = {1287400},
	publisher = {VLDB Endowment},
} 

@article{Huang:2015:HLD:2839515.2839568,
	author = {Huang, Qun and Lee, Patrick P.C.},
	title = {A Hybrid Local and Distributed Sketching Design for Accurate and Scalable Heavy Key Detection in Network Data Streams},
	journal = {Comput. Netw.},
	issue_date = {November 2015},
	volume = {91},
	number = {C},
	month = nov,
	year = {2015},
	issn = {1389-1286},
	pages = {298--315},
	numpages = {18},
	url = {http://dx.doi.org/10.1016/j.comnet.2015.08.025},
	doi = {10.1016/j.comnet.2015.08.025},
	acmid = {2839568},
	publisher = {Elsevier North-Holland, Inc.},
	address = {New York, NY, USA},
	keywords = {Heavy hitter/changer detection, Network monitoring, Sketches, Streaming architectures},
} 

@article{Misra1982143,
	author = {Misra, J. and Gries, David},
	biburl = {https://www.bibsonomy.org/bibtex/24c4919431d08255a42df059ce9e166f3/ytyoun},
	doi = {10.1016/0167-6423(82)90012-0},
	interhash = {2d6ed67947c3e8f40732a8b9ce0ceaee},
	intrahash = {4c4919431d08255a42df059ce9e166f3},
	issn = {0167-6423},
	journal = {Science of Computer Programming},
	keywords = {streaming_model},
	number = 2,
	pages = {143 - 152},
	timestamp = {2013-02-11T02:25:06.000+0100},
	title = {Finding repeated elements},
	volume = 2,
	year = 1982
}

